@article{website:wikipedia,
    author = "Wikipedia",
    title = "LaTeX",
    journal="http://en.wikipedia.org/wiki/LaTeX",
    publisher="On-line Resources",
    year = "2014"
}
@article{website:wikibook,
    author = "Wikibook",
    title = "LaTeX",
    journal="http://en.wikibooks.org/wiki/LaTeX",
    publisher="On-line Resources",
    year = "2014"
}
@article{website:latex,
    author = "LaTeX",
    title = "LaTeX -- A document preparation system",
    journal="http://www.latex-project.org/",
    publisher="On-line Resources",
    year = "2014"
}
@book{lamport1986document,
    title={Document Preparation System},
    author={Lamport, Leslie},
    year={1986},
    publisher={Addison-Wesley Reading, MA}
}
